<record><leader>00000cas a2200000 a 4500</leader><controlfield tag="001">30912799</controlfield><controlfield tag="007">hd afu---baca</controlfield><controlfield tag="008">940809d18661871nbudn nea     0    0eng c</controlfield><datafield ind1=" " ind2=" " tag="010"><subfield code="a">sn 94055476 </subfield></datafield><datafield ind1=" " ind2=" " tag="040"><subfield code="a">NVG</subfield><subfield code="b">eng</subfield><subfield code="c">NVG</subfield><subfield code="d">DLC</subfield><subfield code="d">OCL</subfield><subfield code="d">OCLCQ</subfield><subfield code="d">OCLCF</subfield><subfield code="d">OCLCO</subfield></datafield><datafield ind1="1" ind2=" " tag="029"><subfield code="a">AU@</subfield><subfield code="b">000011236119</subfield></datafield><datafield ind1=" " ind2=" " tag="042"><subfield code="a">pcc</subfield></datafield><datafield ind1=" " ind2=" " tag="043"><subfield code="a">n-us-nb</subfield></datafield><datafield ind1="0" ind2=" " tag="130"><subfield code="a">Omaha daily Republican (Omaha, Neb. : 1866)</subfield></datafield><datafield ind1="1" ind2="0" tag="245"><subfield code="a">Omaha daily Republican</subfield><subfield code="h">[microform].</subfield></datafield><datafield ind1="1" ind2="3" tag="246"><subfield code="a">Daily evening Republican</subfield></datafield><datafield ind1="1" ind2="7" tag="246"><subfield code="a">Daily Republican</subfield></datafield><datafield ind1=" " ind2=" " tag="260"><subfield code="a">Omaha City :</subfield><subfield code="b">Taylor &amp; M'Clure</subfield></datafield><datafield ind1=" " ind2=" " tag="300"><subfield code="a">v. :</subfield><subfield code="b">ill.</subfield></datafield><datafield ind1=" " ind2=" " tag="310"><subfield code="a">Daily (except Mon.),</subfield><subfield code="b">&lt;Jan. 10, 1869&gt;-June 1871</subfield></datafield><datafield ind1=" " ind2=" " tag="321"><subfield code="a">Daily (except Sun.),</subfield><subfield code="b">Mar. 1866-&lt;Oct. 28, 1866&gt;</subfield></datafield><datafield ind1="1" ind2=" " tag="362"><subfield code="a">Began in Mar. 1866; ceased in June 1871.</subfield></datafield><datafield ind1=" " ind2=" " tag="580"><subfield code="a">Weekly eds.: Nebraska Republican (Omaha, Neb. : 1864), 1866-1867 ; Omaha weekly Republican (Omaha, Neb. : 1867), 1867-1871.</subfield></datafield><datafield ind1=" " ind2=" " tag="580"><subfield code="a">Merged with: Omaha tribune (Omaha, Neb, : 1870), to form: Omaha tribune and Republican.</subfield></datafield><datafield ind1=" " ind2=" " tag="588"><subfield code="a">Description based on: Vol. 3, no. 24 (Mar. 24, 1866).</subfield></datafield><datafield ind1=" " ind2=" " tag="533"><subfield code="a">Microfilm.</subfield><subfield code="b">Washington, D.C. :</subfield><subfield code="c">Library of Congress Photoduplication Service.</subfield><subfield code="e">2 microfilm reels ; 35 mm.</subfield></datafield><datafield ind1=" " ind2="0" tag="651"><subfield code="a">Omaha (Neb.)</subfield><subfield code="v">Newspapers.</subfield></datafield><datafield ind1=" " ind2="0" tag="651"><subfield code="a">Douglas County (Neb.)</subfield><subfield code="v">Newspapers.</subfield></datafield><datafield ind1=" " ind2="7" tag="655"><subfield code="a">Newspapers.</subfield><subfield code="2">fast</subfield><subfield code="0">(OCoLC)fst01423814</subfield></datafield><datafield ind1=" " ind2="7" tag="651"><subfield code="a">Nebraska</subfield><subfield code="z">Douglas County.</subfield><subfield code="2">fast</subfield><subfield code="0">(OCoLC)fst01209539</subfield></datafield><datafield ind1=" " ind2="7" tag="651"><subfield code="a">Nebraska</subfield><subfield code="z">Omaha.</subfield><subfield code="2">fast</subfield><subfield code="0">(OCoLC)fst01204995</subfield></datafield><datafield ind1=" " ind2=" " tag="752"><subfield code="a">United States</subfield><subfield code="b">Nebraska</subfield><subfield code="c">Douglas</subfield><subfield code="d">Omaha.</subfield></datafield><datafield ind1="1" ind2=" " tag="775"><subfield code="t">Nebraska Republican (Omaha, Neb. : 1864)</subfield><subfield code="w">(DLC)sn 94055327</subfield></datafield><datafield ind1="1" ind2=" " tag="775"><subfield code="t">Omaha weekly Republican (Omaha, Neb. : 1867)</subfield><subfield code="w">(DLC)sn 94055326</subfield></datafield><datafield ind1="0" ind2="0" tag="780"><subfield code="t">Nebraska Republican</subfield><subfield code="w">(DLC)sn 94055477</subfield></datafield><datafield ind1="1" ind2="7" tag="785"><subfield code="t">Omaha tribune (Omaha, Neb. : 1870)</subfield><subfield code="w">(DLC)sn 94055324</subfield></datafield><datafield ind1="1" ind2="7" tag="785"><subfield code="t">Omaha tribune and Republican</subfield><subfield code="w">(DLC)sn 94055332</subfield></datafield></record>